@misc{jones_2018,
  author = {Jones, Nicola},
  month = {09},
  title = {How to Stop Data Centres from Gobbling up the Worldâ€™s Electricity},
  url = {https://www.nature.com/articles/d41586-018-06610-y},
  year = {2018},
  organization = {Nature}
}